@misc{Wirth2021,
author = {Wirth, Lukas},
title = {{The Little Book of Rust Macros}},
url = {https://veykril.github.io/tlborm},
year = {2021}
}
@misc{Koxiaet2020,
author = {Koxiaet},
title = {{How to Write Hygienic Rust Macros}},
url = {https://gist.github.com/Koxiaet/8c05ebd4e0e9347eb05f265dfb7252e1},
urldate = {2021-01-18},
year = {2020}
}
@misc{RustRFC2021,
title = {{The Rust RFC Book}},
url = {https://rust-lang.github.io/rfcs/},
urldate = {2021-01-18},
year = {2021}
}
@misc{RustBook2021,
title = {{The Rust Programming Language}},
url = {https://doc.rust-lang.org/book/},
urldate = {2021-01-18},
year = {2021}
}
@misc{Tolnay2021,
author = {Tolnay, David},
title = {{derive(Error) crate}},
url = {https://github.com/dtolnay/thiserror},
urldate = {2021-01-18},
year = {2021}
}
@misc{Rustc2021,
title = {{Guide to Rustc Development}},
urldate = {2021-01-18},
year = {2021}
}
@misc{RustRef2021,
title = {{The Rust Reference}},
url = {https://doc.rust-lang.org/reference},
urldate = {18/1/2021},
year = {2021}
}
@misc{Dagger2,
title = {{Dagger 2}},
url = {https://dagger.dev/}
}
@misc{Fabric2021,
author = {Foundation, The Linux},
title = {{Hyperledger Fabric}},
urldate = {2021-01-15}
}
@misc{Stm32,
abstract = {Community Rust support projects for STM32 microcontrollers},
title = {stm32-rs},
url = {https://github.com/stm32-rs/},
year = {2021}
}
@misc{JSR269,
author = {Darcy, Joe},
title = {{JSR 269: Pluggable Annotation Processing API}},
url = {https://jcp.org/en/jsr/detail?id=269}
}
@misc{Rust2021,
keywords = {rust},
mendeley-tags = {rust},
title = {{The Embedded Rust Book}},
url = {https://rust-embedded.github.io/book/},
year = {2021}
}
@misc{reason,
abstract = {Reason lets you write simple, fast and quality type safe code while leveraging both the JavaScript {\&} OCaml ecosystems.},
title = {{Reason {\textperiodcentered} Reason lets you write simple, fast and quality type safe code while leveraging both the JavaScript {\&} OCaml ecosystems.}},
url = {https://reasonml.github.io/}
}
@misc{Okane2019,
abstract = {US airlines are split on what the FAA's discovery means for the plane},
author = {O'Kane, Sean},
booktitle = {The Verge},
title = {{Southwest and United Airlines extend 737 Max cancellations after new flaw found}},
url = {https://www.theverge.com/2019/6/27/18761434/737-max-new-flaw-cancellation-extended-southwest-united-airlines-faa},
year = {2019}
}
@misc{typescript,
abstract = {TypeScript extends JavaScript by adding types to the language. TypeScript speeds up your development experience by catching errors and providing fixes before you even run your code.},
title = {{Typed JavaScript at Any Scale.}},
url = {https://www.typescriptlang.org/}
}
@misc{Campbell2019,
abstract = {A damning investigation revealing the many small failures that led to 346 lives being lost.},
author = {Campbell, Darryl},
booktitle = {The Verge},
title = {{The many human errors that brought down the Boeing 737 Max}},
url = {https://www.theverge.com/2019/5/2/18518176/boeing-737-max-crash-problems-human-error-mcas-faa},
year = {2019}
}
@misc{Duarte2020,
author = {Duarte, Jos{\'{e}}},
booktitle = {rustype/notes},
title = {{Rusty Typestates}},
url = {https://rustype.github.io/notes/notes/rust-typestate-series/rust-typestate-index.html},
year = {2020}
}
@misc{Vicompany2018,
abstract = {The researchers noticed an issue with our ETH receiving code when receiving from a contract. This allowed sending of ETH to Coinbase to be credited even if the underlying contract execution failed. The issue was fixed by changing the contract handling logic. Analysis of the issue indicated only accidental loss for Coinbase, and no exploitation attempts. The Security team thanks @vicompany for...},
author = {Vicompany},
booktitle = {HackerOne},
shorttitle = {Coinbase attack disclosed on HackerOne},
title = {{Coinbase disclosed on HackerOne: Ethereum account balance manipulation}},
url = {https://hackerone.com/reports/300748},
year = {2018}
}
@misc{Turon2015,
abstract = {Empowering everyone to build reliable and efficient software.},
author = {Turon, Aaron},
title = {{Fearless Concurrency with Rust - Rust Blog}},
url = {https://blog.rust-lang.org/2015/04/10/Fearless-Concurrency.html},
year = {2015}
}
@misc{Mageit2020,
abstract = {The software glitch is the latest in a long line of tech issues to have affected the UK contact tracing app.},
author = {Mageit, Sara},
booktitle = {Healthcare IT News},
title = {{NHS COVID-19 contact tracing app fails to ask users to self-isolate}},
url = {https://www.healthcareitnews.com/news/emea/nhs-covid-19-contact-tracing-app-fails-ask-users-self-isolate},
year = {2020}
}
@misc{chromium,
abstract = {Home of the Chromium Open Source Project},
title = {{Memory safety - The Chromium Projects}},
url = {https://www.chromium.org/Home/chromium-security/memory-safety}
}
@misc{Whitequark2014,
author = {Whitequark},
keywords = {ocaml},
title = {{A Guide to Extension Points in OCaml}},
url = {https://whitequark.org/blog/2014/04/16/a-guide-to-extension-points-in-ocaml/},
urldate = {2021-01-14},
year = {2014}
}
@misc{Okane2020,
abstract = {The plane won't fly again for a while},
author = {O'Kane, Sean},
booktitle = {The Verge},
title = {{Boeing finds another software problem on the 737 Max}},
url = {https://www.theverge.com/2020/2/6/21126364/boeing-737-max-software-glitch-flaw-problem},
year = {2020}
}
@misc{Rauglaudre2003,
author = {de Rauglaudre, Daniel},
title = {{Camlp4 - Reference Manual}},
url = {https://caml.inria.fr/pub/docs/manual-camlp4/manual007.html},
year = {2003}
}
@misc{Miller2019,
abstract = {Security Research from the Microsoft Security Response Center (MSRC) - microsoft/MSRC-Security-Research},
author = {{Miller, Matt}, (MSRC)},
booktitle = {GitHub},
title = {{Trends, challenges and strategic shifts in the software vulnerability mitigation landscape}},
url = {https://git.io/JLdDc},
year = {2019}
}
@misc{RubyRBS,
abstract = {Type Signature for Ruby. Contribute to ruby/rbs development by creating an account on GitHub.},
keywords = {ruby,type-checking},
language = {Ruby},
month = {jan},
publisher = {The Ruby Programming Language},
title = {ruby/rbs},
url = {https://github.com/ruby/rbs},
year = {2021}
}
@misc{PythonTyping,
title = {{typing — Support for type hints — Python 3.9.1 documentation}},
url = {https://docs.python.org/3/library/typing.html}
}
@misc{Heartbleed,
month = {jan},
title = {{Heartbleed Bug}},
url = {https://heartbleed.com/},
year = {2021}
}
@misc{purescript,
month = {jan},
title = {{PureScript}},
url = {https://www.purescript.org/},
year = {2021}
}
@misc{Rocket2021,
mendeley-groups = {Thesis (Typestates)/Links},
title = {{Rocket Web Framework}},
url = {https://rocket.rs/},
urldate = {19/1/2021},
year = {2021}
}
@misc{Wong2021,
author = {Wong, Chris},
mendeley-groups = {Thesis (Typestates)/Links},
title = {{maud - Compile-time HTML templates for Rust}},
url = {https://github.com/lambda-fairy/maud},
urldate = {1/19/2021}
}
@misc{Fusion2021,
mendeley-groups = {Thesis (Typestates)/Links},
title = {{inline-python - Inline Python code directly in your Rust code}},
url = {https://github.com/fusion-engineering/inline-python},
urldate = {19/1/2021}
}
@misc{Stokke2021,
author = {Stokke, Bodil},
mendeley-groups = {Thesis (Typestates)/Links},
title = {{typed-html - Type checked JSX for Rust}},
url = {https://github.com/bodil/typed-html},
urldate = {19/1/2021}
}
